@article{dudek1996taxonomy,
  title={A taxonomy for multi-agent robotics},
  author={Dudek, Gregory and Jenkin, Michael RM and Milios, Evangelos and Wilkes, David},
  journal={Autonomous Robots},
  volume={3},
  number={4},
  pages={375--397},
  year={1996},
  publisher={Springer}
},

@article{gerkey2004formal,
  title={A formal analysis and taxonomy of task allocation in multi-robot systems},
  author={Gerkey, Brian P and Matari{\'c}, Maja J},
  journal={The International Journal of Robotics Research},
  volume={23},
  number={9},
  pages={939--954},
  year={2004},
  publisher={SAGE Publications}
},

@inproceedings{ferguson2005guide,
  title={A guide to heuristic-based path planning},
  author={Ferguson, Dave and Likhachev, Maxim and Stentz, Anthony},
  booktitle={Proceedings of the international workshop on planning under uncertainty for autonomous systems, international conference on automated planning and scheduling (ICAPS)},
  pages={9--18},
  year={2005}
},

@article{burgard2002collaborative,
  title={Collaborative exploration of unknown environments with teams of mobile robots},
  author={Burgard, Wolfram and Moors, Mark and Schneider, Frank},
  journal={Lecture notes in computer science},
  volume={2466},
  pages={52--70},
  year={2002},
  publisher={Springer}
},

@inproceedings{bourgault2002information,
  title={Information based adaptive robotic exploration},
  author={Bourgault, Frederic and Makarenko, Alexei A and Williams, Stefan B and Grocholsky, Ben and Durrant-Whyte, Hugh F},
  booktitle={Intelligent Robots and Systems, 2002. IEEE/RSJ International Conference on},
  volume={1},
  pages={540--545},
  year={2002},
  organization={IEEE}
}

@article{amancio2011concepts,
  title={On the concepts of complex networks to quantify the difficulty in finding the way out of labyrinths},
  author={Amancio, DR and Oliveira, ON and Costa, L da F},
  journal={Physica A: Statistical Mechanics and its Applications},
  volume={390},
  number={23},
  pages={4673--4683},
  year={2011},
  publisher={Elsevier}
},
@inproceedings{mcclendon2001complexity,
  title={The complexity and difficulty of a maze},
  author={McClendon, Michael Scott and others},
  booktitle={Bridges: Mathematical Connections in Art, Music, and Science},
  pages={213--222},
  year={2001},
  organization={Bridges Conference}
},
@misc{ wiki:halting,
    author = "Wikipedia",
    title = "Halting problem --- Wikipedia{,} The Free Encyclopedia",
    year = "2017",
    url = "https://en.wikipedia.org/w/index.php?title=Halting_problem&oldid=801290298",
    note = "[Online; accessed 8-October-2017]"
},

@misc{ amdhal,
    author = "Wikipedia",
    title = "Amdahl's law --- Wikipedia{,} The Free Encyclopedia",
    year = "2017",
    url = "https://en.wikipedia.org/w/index.php?title=Amdahl%27s_law&oldid=790799480",
    note = "[Online; accessed 
8-October-2017
]"
  },
@misc{ wiki:A*,
    author = "Wikipedia",
    title = "A* search algorithm --- Wikipedia{,} The Free Encyclopedia",
    year = "2017",
    url = "https://en.wikipedia.org/w/index.php?title=A*_search_algorithm&oldid=804287050",
    note = "[Online; accessed 
8-October-2017
]"
  }
